@book{stivens,
    key = {stivens},
    author = {Стивенс, Р.},
    title = {Алгоритмы. Теория и практическое применение. 2-е издание},
    publisher = {Эксмо},
    address = {Москва},
    year = {2024},
    numpages = {544},
}

@book{skiena,
    key = {skiena},
    author = {Скиена, С.},
    title = {Алгоритмы. Руководство по разработке},
    publisher = {БХВ},
    address = {Санкт-Петербург},
    year = {2022},
    numpages = {848},
}


@misc{python,
key = {python},
title = {Welcome to Python [Электронный ресурс]},
howpublished = {Режим доступа: \url{https://www.python.org/} (дата обращения: 07.11.2024)}
}

@misc{bar,
key = {bar},
title = {matplotlib.pyplot.bar [Электронный ресурс]},
howpublished = {Режим доступа: \url{https://matplotlib.org/stable/api/_as_gen/matplotlib.pyplot.bar.html#} (дата обращения: 07.11.2024)}
}

@misc{matplotlib,
key = {matplotlib},
title = {Matplotlib 3.9.2 documentation [Электронный ресурс]},
howpublished = {Режим доступа: \url{https://matplotlib.org/stable/#matplotlib-release-documentation} (дата обращения:~07.11.2024)}
}

