@misc{processor,
    key="processor",
    title="Intel Core i7-8700K Processor [Электронный ресурс]",
    howpublished="Режим доступа: https://ark.intel.com/content/www/us/en/ark/products/126775/intel-core-i78700k-processor-12m-cache-up-to-4-70-ghz.html)"
}

@book{unix,
    author    = {У. Р. Стивенс and С. А. Раго},
    title     = {UNIX. Профессиональное программирование},
    edition   = {3-е изд.},
    publisher = {Питер},
    year      = {2018},
    address   = {СПб.},
    series    = {Для профессионалов},
}
