@book{cambridge,
    key = "cambridge",
    author = "Gusfield, D.",
    title = "Algorithms on Strings, Trees, and Sequences: Computer Science and Computational Biology",
    publisher = "Cambridge University Press",
    address = "Cambridge",
    year = "1997",
    numpages = "534",
    language = "english"
}

@Book{ulianov,
    key = "ulianov",
    author = "Ульянов, А.",
    title = "Ресурсно-эффективные компьютерные алгоритмы. Разработка и анализ",
    publisher =  "Наука",
    address = "Москва",
    year = "2010",
    numpages = "456"
}

@misc{python,
key = "python",
title = "MicroPython [Электронный ресурс]",
howpublished = "Режим доступа: \url{https://micropython.org/}(дата обращения: 01.11.2024)"
}

@misc{time,
key = "time",
title = "time – time related functions [Электронный ресурс]",
howpublished = "Режим доступа: \url{https://docs.micropython.org/en/latest/library/time.html#module-time} (дата обращения:~01.11.2024)"
}

@misc{stm,
    key = "stm",
    title = "NUCLEO-F767ZI – STM32 Nucleo-144 development board [Электронный ресурс]",
    howpublished = "Режим доступа: \url{https://www.st.com/en/evaluation-tools/nucleo-f767zi.html#documentation} (дата обращения: 01.11.2024)"
}