@book{kormen,
    key = {kormen},
    author = {Кормен, Т. Х.},
    title = {Алгоритмы: построение и анализ},
    address = {Москва},
    publisher = {Издательский дом <<Вильямс>>},
    year = {2011},
    numpages = {1296}
}

@article{winograd,
    key = {winograd},
    author = {Kakaradov, B.},
    title = {Ultra-fast matrix multiplication: An empirical analysis of highly optimized vector algorithms},
    journal = {Stanford Undergraduate Research Journal},
    year = {2004}
}


@misc{python,
key = {python},
title = {Welcome to Python [Электронный ресурс]},
howpublished = {Режим доступа: \url{https://www.python.org/} (дата обращения: 07.11.2024)}
}

@misc{time,
key = {time},
title = {time --- Time access and conversions [Электронный ресурс]},
howpublished = {Режим доступа: \url{https://docs.python.org/3/library/time.html#module-time} (дата обращения:~07.11.2024)}
}


@misc{processor,
    key="processor",
    title="Intel Core i7-8700K Processor [Электронный ресурс]",
    howpublished="Режим доступа: https://ark.intel.com/content/www/us/en/ark/products/126775/intel-core-i78700k-processor-12m-cache-up-to-4-70-ghz.html)"
}
